@article{Richards2015a,
  title = {Governing a pioneer program on payment for watershed services: Stakeholder involvement, legal frameworks and early lessons from the Atlantic forest of Brazil},
  journal = {Ecosystem Services},
  volume = {16},
  pages = {23-32},
  year = {2015},
  issn = {2212-0416},
  doi = {https://doi.org/10.1016/j.ecoser.2015.09.002},
  author = {Richards, Ryan C. and Rerolle, Julia and Aronson, James and Pereira, Paulo Henrique and Gonçalves, Helena and Brancalion, Pedro H.S.},
  keywords = {Payment for ecosystem services, Participation, Environmental compliance, Forest restoration, PES governance, PES legislation, PES financing, Water policy},
}
@article{Lele2009a,
  author = {Lele, Sharachchandra},
  doi = {10.1016/j.cosust.2009.10.007},
  issn = {18773435},
  issue = {2},
  journal = {Current Opinion in Environmental Sustainability},
  month = {12},
  pages = {148-155},
  title = {Watershed services of tropical forests: from hydrology to economic valuation to integrated analysis},
  volume = {1},
  year = {2009}
}
@article{Naeem2015b,
  author = {Naeem, S. and Ingram, J. C. and Varga, A. and Agardy, T. and Barten, P. and Bennett, G. and Bloomgarden, E. and Bremer, L. L. and Burkill, P. and Cattau, M. and Ching, C. and Colby, M. and Cook, D. C. and Costanza, R. and DeClerck, F. and Freund, C. and Gartner, T. and Goldman-Benner, R. and Gunderson, J. and Jarrett, D. and Kinzig, A. P. and Kiss, A. and Koontz, A. and Kumar, P. and Lasky, J. R. and Masozera, M. and Meyers, D. and Milano, F. and Naughton-Treves, L. and Nichols, E. and Olander, L. and Olmsted, P. and Perge, E. and Perrings, C. and Polasky, S. and Potent, J. and Prager, C. and Quétier, F. and Redford, K. and Saterson, K. and Thoumi, G. and Vargas, M. T. and Vickerman, S. and Weisser, W. and Wilkie, D. and Wunder, S.},
  title = {Get the science right when paying for nature's services},
  journal = {Science},
  volume = {347},
  number = {6227},
  pages = {1206-1207},
  year = {2015},
  doi = {https://doi.org/10.1126/science.aaa1403},
}
@book{alcott2013,
  title={Natural and Engineered Solutions for Drinking Water Supplies: Lessons from the Northeastern United States and Directions for Global Watershed Management},
  author={Alcott, E. and Ashton, M.S. and Gentry, B.S.},
  isbn={9781466551640},
  lccn={2012037918},
  year={2013},
  publisher={Taylor \& Francis}
}
@article{Blanchard2015a,
  title = {The lost narrative: Ecosystem service narratives and the missing Wasatch watershed conservation story},
  journal = {Ecosystem Services},
  volume = {16},
  pages = {105-111},
  year = {2015},
  issn = {2212-0416},
  doi = {https://doi.org/10.1016/j.ecoser.2015.10.019},
  author = {Blanchard, Libby and Vira, Bhaskar and Briefer, Laura},
  keywords = {Ecosystem services, History of, Watershed, Narratives, Wasatch, Catskills},
}
@book{haddad2023,
  title={Dictionary of Ecological Economics: Terms for the New Millennium},
  author={Haddad, Brent M and Solomon, Barry D},
  year={2023},
  publisher={Edward Elgar Publishing}
}
@misc{brasil12651, 
author = {Brasil}, 
year = {2012}, 
title = {Lei Nº 12651 de 25 de Maio de 2012. Dispõe sobre a proteção da vegetação nativa; altera as Leis nºs 6.938, de 31 de agosto de 1981, 9.393, de 19 de dezembro de 1996, e 11.428, de 22 de dezembro de 2006; revoga as Leis nºs 4.771, de 15 de setembro de 1965, e 7.754, de 14 de abril de 1989, e a Medida Provisória nº 2.166-67, de 24 de agosto de 2001; e dá outras providências}, 
publisher = {Diário Oficial da União},
url = {https://www.planalto.gov.br/ccivil_03/_ato2011-2014/2012/lei/l12651.htm} 
}
@article{Soares-filho2014a,
  author = {Soares-Filho, Britaldo and Rajão, Raoni and Macedo, Marcia and Carneiro, Arnaldo and Costa, William and Coe, Michael and Rodrigues, Hermann and Alencar, Ane},
  title = {Cracking Brazil's Forest Code},
  journal = {Science},
  volume = {344},
  number = {6182},
  pages = {363-364},
  year = {2014},
  doi = {https://doi.org/10.1126/science.1246663}
}
@article{Brancalion2016a,
  author = {Brancalion, Pedro H.S. and Garcia, Letícia C. and Loyola, Rafael and Rodrigues, Ricardo R. and Pillar, Valério D. and Lewinsohn, Thomas M.},
  doi = {10.1016/j.ncon.2016.03.004},
  issn = {16790073},
  journal = {Natureza \& Conservação},
  month = {4},
  pages = {e1-e16},
  publisher = {Elsevier BV},
  title = {Análise crítica da Lei de Proteção da Vegetação Nativa (2012), que substituiu o antigo Código Florestal: atualizações e ações em curso},
  volume = {14},
  year = {2016}
}
@article{Banks-leite2014a,
  author = {Banks-Leite, Cristina and Pardini, Renata and Tambosi, Leandro R. and Pearse, William D. and Bueno, Adriana A. and Bruscagin, Roberta T. and Condez, Thais H. and Dixo, Marianna and Igari, Alexandre T. and Martensen, Alexandre C. and Metzger, Jean Paul},
  title = {Using ecological thresholds to evaluate the costs and benefits of set-asides in a biodiversity hotspot},
  journal = {Science},
  volume = {345},
  number = {6200},
  pages = {1041-1045},
  year = {2014},
  doi = {https://doi.org/10.1126/science.1255768},
}
@article{Caldwell2023,
title = {Forested watersheds provide the highest water quality among all land cover types, but the benefit of this ecosystem service depends on landscape context},
journal = {Science of The Total Environment},
volume = {882},
pages = {163550},
year = {2023},
issn = {0048-9697},
doi = {https://doi.org/10.1016/j.scitotenv.2023.163550},
author = {Peter V. Caldwell and Katherine L. Martin and James M. Vose and Justin S. Baker and Travis W. Warziniack and Jennifer K. Costanza and Gregory E. Frey and Arpita Nehra and Christopher M. Mihiar},
keywords = {Land cover change, Water quality, Drinking water supply, Forest hydrology, Ecosystem services, SPARROW model},
}
@book{cassin2021,
  title={Nature-Based Solutions and Water Security: An Action Agenda for the 21st Century},
  author={Cassin, J. and Matthews, J.H. and Gunn, E.L.},
  isbn={9780128198988},
  year={2021},
  publisher={Elsevier}
}
@book{Dudley2003a,
  title = {Running Pure - The Importance of Forest Protected Areas to Drinking Water},
  author = {Dudley, Nigel and Stolton, Sue},
  year = {2003},
  publisher = {World Bank/WWF Alliance for Forest Conservation and Sustainable Use},
  address = {World Bank/WWF Alliance for Forest Conservation and Sustainable Use},
  note = {With contributions by Rachel Asante Owusu, Ahmet Birsel, David Cassells, José Courrau, Lawrence Hamilton, Sedat Kalem, Wang Luan Keng, Leonardo Lacerda, Yıldıray Lise, Stefano Pagiola, Sara Scherr, and Claudio Sericchio},
  isbn = {2-88085-262-5}
}
@article{EVENSON2021,
title = {Uncertainty in critical source area predictions from watershed-scale hydrologic models},
journal = {Journal of Environmental Management},
volume = {279},
pages = {111506},
year = {2021},
issn = {0301-4797},
doi = {https://doi.org/10.1016/j.jenvman.2020.111506},
author = {Grey R. Evenson and Margaret Kalcic and Yu-Chen Wang and Dale Robertson and Donald Scavia and Jay Martin and Noel Aloysius and Anna Apostel and Chelsie Boles and Michael Brooker and Remegio Confesor and Awoke Teshager Dagnew and Tian Guo and Jeffrey Kast and Haley Kujawa and Rebecca Logsdon Muenich and Asmita Murumkar and Todd Redder},
}
@book{eiben2015introduction,
  title={Introduction to Evolutionary Computing},
  author={Eiben, A.E. and Smith, J.E.},
  isbn={9783662448748},
  series={Natural Computing Series},
  year={2015},
  publisher={Springer Berlin Heidelberg}
}
@book{kumar2012economics,
  title={The Economics of Ecosystems and Biodiversity: Ecological and Economic Foundations},
  author={Kumar, P.},
  isbn={9781136538797},
  series={TEEB - The Economics of Ecosystems and Biodiversity},
  year={2012},
  publisher={Taylor \& Francis}
}
@book{daily1997,
  title={Nature's Services: Societal Dependence On Natural Ecosystems},
  author={Daily, G.C. and Postel, S. and Bawa, K. and Kaufman, L. and Peterson, C.H. and Carpenter, S. and Tillman, D. and Dayton, P. and Alexander, S. and Lagerquist, K. and others},
  isbn={9781597267755},
  year={1997},
  publisher={Island Press}
}
@article{costanza2008,
  title={Ecosystem services: multiple classification systems are needed},
  author={Costanza, Robert},
  journal={Biological conservation},
  volume={141},
  number={2},
  pages={350--352},
  year={2008}
}
@incollection{haines-young2010,
  author    = {Haines-Young, R. and Potschin, M.},
  title     = {The links between biodiversity, ecosystem services and human well-being},
  booktitle = {Ecosystem Ecology: A New Synthesis},
  editor    = {Raffaelli, D.G. and Frid, C.L.J.},
  publisher = {Cambridge University Press},
  address   = {Cambridge},
  year      = {2010},
  pages     = {110--139}
}
@misc{Haines-young2018a,
  author = {Haines-Young, Roy and Potschin, Marion B.},
  title = {Common International Classification of Ecosystem Services (CICES) V5.1},
  year = {2018},
  url = {https://www.cices.eu}
}
@misc{brasil2021,
  author  = "{Brasil}",
  title   = "{Lei Nº 14.119, de 13 de Janeiro de 2021. Institui a Política Nacional de Pagamento por Serviços Ambientais e altera as Leis n.os 8.212, de 24 de julho de 1991, 8.629, de 25 de fevereiro de 1993, e 6.015, de 31 de dezembro de 1973, para adequá-las à nova política.}",
  year         = 2021,
  url          = {http://www.planalto.gov.br/ccivil_03/_Ato2019-2022/2021/Lei/L14119.htm},
}
@article{Groot1987a,
  author = {Groot, Rudolf S. de},
  doi = {10.1007/BF02240292},
  isbn = {0251-1088},
  issn = {02511088},
  journal = {The Environmentalist},
  title = {Environmental functions as a unifying concept for ecology and economics},
  year = {1987}
}
@book{kumar2012economics,
  title={The Economics of Ecosystems and Biodiversity: Ecological and Economic Foundations},
  author={Kumar, P.},
  isbn={9781136538797},
  series={TEEB - The Economics of Ecosystems and Biodiversity},
  year={2012},
  publisher={Taylor \& Francis}
}
@book{MEA2005a,
  title = {Ecosystems and Human Well-being - Synthesis},
  author = {Millennium Ecosystem Assessment},
  year = {2005},
  publisher = {Island Press},
  address = {Washington, DC},
  isbn = {1-59726-040-1}
}
@book{Dudley2003a,
  title = {Running Pure - The Importance of Forest Protected Areas to Drinking Water},
  author = {Dudley, Nigel and Stolton, Sue},
  year = {2003},
  publisher = {World Bank/WWF Alliance for Forest Conservation and Sustainable Use},
  address = {World Bank/WWF Alliance for Forest Conservation and Sustainable Use},
  note = {With contributions by Rachel Asante Owusu, Ahmet Birsel, David Cassells, José Courrau, Lawrence Hamilton, Sedat Kalem, Wang Luan Keng, Leonardo Lacerda, Yıldıray Lise, Stefano Pagiola, Sara Scherr, and Claudio Sericchio},
  isbn = {2-88085-262-5}
}
@book{potschin2016,
  title={Routledge Handbook of Ecosystem Services},
  author={Potschin, M. and Haines-Young, R. and Fish, R. and Turner, R.K.},
  isbn={9781317687030},
  series={Routledge Environment and Sustainability Handbooks},
  year={2016},
  publisher={Taylor \& Francis}
}
@article{Costanza1992a,
  author = {Costanza, Robert and Daly, Herman E},
  issue = {1},
  journal = {Conservation Biology},
  pages = {37-46},
  title = {Natural Capital and Sustainable Development},
  volume = {6},
  year = {1992}
}
@article{Daly1997a,
  title = {Georgescu-Roegen versus Solow/Stiglitz},
  journal = {Ecological Economics},
  volume = {22},
  number = {3},
  pages = {261-266},
  year = {1997},
  issn = {0921-8009},
  doi = {https://doi.org/10.1016/S0921-8009(97)00080-3},
  author = {Daly, Herman E}
}
@book{Smith2006a,
  author = {Smith, M. and de Groot, D. and Bergkamp, G.},
  title = {Pay - Establishing payments for watershed services},
  year = {2006},
  publisher = {IUCN},
  address = {Gland, Switzerland},
  pages = {109},
  isbn = {978-2-8317-0958-1}
}
@InCollection{sep-physicalism,
	author       =	{Stoljar, Daniel},
	title        =	{{Physicalism}},
	booktitle    =	{The {Stanford} Encyclopedia of Philosophy},
	editor       =	{Edward N. Zalta and Uri Nodelman},
	howpublished =	{\url{https://plato.stanford.edu/archives/spr2024/entries/physicalism/}},
	year         =	{2024},
	edition      =	{{S}pring 2024},
	publisher    =	{Metaphysics Research Lab, Stanford University}
}
@article{Brickman_1978, 
title={Lottery winners and accident victims: Is happiness relative?},
volume={36},
ISSN={0022-3514},
url={http://dx.doi.org/10.1037//0022-3514.36.8.917},
DOI={10.1037//0022-3514.36.8.917},
number={8},
journal={Journal of Personality and Social Psychology},
publisher={American Psychological Association (APA)},
author={Brickman, Philip and Coates, Dan and Janoff-Bulman, Ronnie},
year={1978},
pages={917–927}
}
@article{Forrester1974,
  author    = {Jay W. Forrester and Gilbert W. Low and Nathaniel J. Mass},
  title     = {The debate on World Dynamics: A response to Nordhaus},
  journal   = {Policy Sciences},
  volume    = {5},
  number    = {2},
  pages     = {169--190},
  year      = {1974},
  month     = {jun},
  doi       = {10.1007/BF00148039},
  url       = {https://doi.org/10.1007/BF00148039},
  issn      = {1573-0891}
}
@book{Mankiw2002a,
  title = {Principles of Microeconomics},
  author = {Mankiw, N.G.},
  isbn = {9780030340673},
  year = {2002},
  publisher = {Nelson Thomson Learning},
}
@article{Hardin1968a,
  author = {Hardin, Garrett},
  issue = {3859},
  journal = {Science},
  pages = {1243-1248},
  title = {The Tragedy of the Commons},
  volume = {162},
  year = {1968}
}
@article{Daly2015a,
  author = {Daly, Herman},
  title = {Economics for a Full World},
  journal = {Great Transition Initiative},
  year = {2015},
  month = {June},
  url = {https://greattransition.org/publication/economics-for-a-full-world}
}
@book{Forrester1973a,
  title = {World Dynamics},
  author = {Forrester, J.W. and Forrester, J.W.},
  isbn = {9780262560184},
  lccn = {70015752},
  year = {1973},
  publisher = {Wright-Allen Press}
}
@InCollection{sep-skepticism,
	author       =	{Caruso, Gregg},
	title        =	{{Skepticism About Moral Responsibility}},
	booktitle    =	{The {Stanford} Encyclopedia of Philosophy},
	editor       =	{Edward N. Zalta},
	howpublished =	{\url{https://plato.stanford.edu/archives/sum2021/entries/skepticism-moral-responsibility/}},
	year         =	{2021},
	edition      =	{{S}ummer 2021},
	publisher    =	{Metaphysics Research Lab, Stanford University}
}
@InCollection{sep-consciousness,
	author       =	{Van Gulick, Robert},
	title        =	{{Consciousness}},
	booktitle    =	{The {Stanford} Encyclopedia of Philosophy},
	editor       =	{Edward N. Zalta and Uri Nodelman},
	howpublished =	{\url{https://plato.stanford.edu/archives/win2022/entries/consciousness/}},
	year         =	{2022},
	edition      =	{{W}inter 2022},
	publisher    =	{Metaphysics Research Lab, Stanford University}
}
@article{Daly1997b,
  title = {Reply to Solow/Stiglitz},
  journal = {Ecological Economics},
  volume = {22},
  number = {3},
  pages = {271-273},
  year = {1997},
  issn = {0921-8009},
  doi = {https://doi.org/10.1016/S0921-8009(97)00086-4},
  author = {Daly, Herman E}
}
@article{Daly1968a,
  author = {Daly, Herman E.},
  title = {On Economics as a Life Science},
  journal = {Journal of Political Economy},
  volume = {76},
  number = {3},
  pages = {392-406},
  year = {1968},
  doi = {https://doi.org/10.1086/259412}
}
@article{Edwards_2018, 
title={HARRY HELSON’S ADAPTATION-LEVEL THEORY, HAPPINESS TREADMILLS, AND BEHAVIORAL ECONOMICS},
 volume={40}, 
 DOI={10.1017/S1053837216001140}, 
 number={1}, 
 journal={Journal of the History of Economic Thought}, 
 author={Edwards, José}, 
 year={2018}, 
 pages={1–22}
}
@Inbook{Diener2009,
author="Diener, Ed
and Lucas, Richard E.
and Scollon, Christie Napa",
editor="Diener, Ed",
title="Beyond the Hedonic Treadmill: Revising the Adaptation Theory of Well-Being",
bookTitle="The Science of Well-Being: The Collected Works of Ed Diener",
year="2009",
publisher="Springer Netherlands",
address="Dordrecht",
pages="103--118",
isbn="978-90-481-2350-6",
doi="10.1007/978-90-481-2350-6_5",
url="https://doi.org/10.1007/978-90-481-2350-6_5"
}
@book{harari2015sapiens,
  title={Sapiens: A Brief History of Humankind},
  author={Harari, Y.N.},
  isbn={9780062316103},
  lccn={2014028418},
  year={2015},
  publisher={HarperCollins}
}
@article{Christensen1987,
title = {Classical roots for a modern materials-energy analysis},
journal = {Ecological Modelling},
volume = {38},
number = {1},
pages = {75-89},
year = {1987},
note = {Ecological Economics},
issn = {0304-3800},
doi = {https://doi.org/10.1016/0304-3800(87)90045-7},
author = {Paul P. Christensen},
}
@book{lamont1997philosophy,
  title={The Philosophy of Humanism},
  author={Lamont, C.},
  isbn={9780931779077},
  lccn={96077244},
  year={1997},
  publisher={Humanist Press}
}
@article{Røpke2004a,
  author = {Røpke, Inge},
  doi = {10.1016/j.ecolecon.2004.02.012},
  issn = {09218009},
  issue = {3-4},
  journal = {Ecological Economics},
  keywords = {History of science,Sociology of science,The history of ecological economics},
  month = {10},
  pages = {293-314},
  publisher = {Elsevier B.V.},
  title = {The early history of modern ecological economics},
  volume = {50},
  year = {2004}
}
@book{daly2011,
  title={Ecological Economics, Second Edition: Principles and Applications},
  author={Daly, H.E. and Farley, J.},
  isbn={9781597269919},
  year={2011},
  publisher={Island Press}
}
@book{samuelson2009,
  title={Economics},
  author={Samuelson, P.A. and Nordhaus, W.D.},
  isbn={9780073511290},
  year={2009},
  publisher={McGraw-Hill Education}
}
@book{Bourgine2006a,
  title = {Evolutionary Microeconomics},
  author = {Bourgine, P. and Lesourne, J. and Orl{\'e}an, A. and Fauchart, E. and Laslier, J.F. and Walliser, B. and Marengo, L. and Moreau, F. and Umbhauer, G.},
  isbn = {9783540285373},
  lccn = {2006922868},
  year = {2006},
  publisher = {Springer Berlin Heidelberg},
}
@book{Nelson1985a,
  title = {An Evolutionary Theory of Economic Change},
  author = {Nelson, R.R.},
  isbn = {9780674041431},
  year = {1985},
  publisher = {Harvard University Press},
}
@book{Gordon2002a,
  title = {The History and Philosophy of Social Science},
  author = {Gordon, H.S.},
  isbn = {9781134863075},
  year = {2002},
  publisher = {Taylor \& Francis},
}
@article{Johnson2011a,
  author = {Johnson, Kenneth A. and Goody, Roger S.},
  title = {The Original Michaelis Constant: Translation of the 1913 Michaelis–Menten Paper},
  journal = {Biochemistry},
  volume = {50},
  number = {39},
  pages = {8264-8269},
  year = {2011},
  doi = {10.1021/bi201284u},
}
@article{Janzen2015a,
  title = {A stochastic approach to modelling and understanding hillslope runoff connectivity dynamics},
  journal = {Ecological Modelling},
  volume = {298},
  pages = {64-74},
  year = {2015},
  note = {Complexity of Soils and Hydrology in Ecosystems},
  issn = {0304-3800},
  doi = {https://doi.org/10.1016/j.ecolmodel.2014.06.024},
  author = {Janzen, Daryl and McDonnell, Jeffrey J.},
  keywords = {Hillslope hydrology, Soil, Runoff model, Connectivity, Directed percolation},
}
@article{Meerveld2006b,
author = {Tromp-van Meerveld, H. J. and McDonnell, J. J.},
title = {Threshold relations in subsurface stormflow: 2. The fill and spill hypothesis},
journal = {Water Resources Research},
volume = {42},
number = {2},
pages = {},
keywords = {connectivity, fill and spill hypothesis, precipitation threshold},
doi = {https://doi.org/10.1029/2004WR003800},
year = {2006}
}
@article{Beven1996a,
author = {Beven, Keith},
doi = {10.1016/0048-9697(95)04964-9},
issn = {00489697},
issue = {1-2},
journal = {Science of the Total Environment},
keywords = {equifinality,hydrology,measurement techniques,uncertainty},
pages = {89-97},
title = {The limits of splitting: Hydrology},
volume = {183},
year = {1996}
}
@article{Mcdonnell2003a,
author = {McDonnell, Jeffrey J.},
doi = {10.1002/hyp.5132},
issn = {0885-6087},
issue = {9},
journal = {Hydrological Processes},
month = {6},
pages = {1869-1875},
publisher = {Wiley},
title = {Where does water go when it rains? Moving beyond the variable source area concept of rainfall-runoff response},
volume = {17},
year = {2003}
}
@article{Beven2006c,
  title={Streamflow generation processes: benchmark papers in hydrology},
  author={Beven, KJ},
  journal={International Association of Hydrological Sciences, Wallingford},
  year={2006}
}
@article{Nace1980a,
  author = {Nace, Raymond L.},
  title = {Hydrology comes of age: Impact of the International Hydrological Decade},
  journal = {Eos, Transactions American Geophysical Union},
  volume = {61},
  number = {53},
  pages = {1241-1241},
  doi = {https://doi.org/10.1029/EO061i053p01241},
  year = {1980}
}
@article{Ocallaghan1984a,
  title = {The extraction of drainage networks from digital elevation data},
  journal = {Computer Vision, Graphics, and Image Processing},
  volume = {27},
  number = {2},
  pages = {247},
  year = {1984},
  issn = {0734-189X},
  doi = {https://doi.org/10.1016/S0734-189X(84)80047-X},
  author = {O'Callaghan, John F. and Mark, David M.}
}
@article{Freeman1991a,
  title = {Calculating catchment area with divergent flow based on a regular grid},
  journal = {Computers \& Geosciences},
  volume = {17},
  number = {3},
  pages = {413-422},
  year = {1991},
  issn = {0098-3004},
  doi = {https://doi.org/10.1016/0098-3004(91)90048-I},
  author = {Freeman, T.Graham},
  keywords = {Catchment area, Water flow, Digital elevation model, Drainage basin, Terrain analysis, General geomorphometry},
}
@article{Quinn1991b,
  author = {Quinn, P. and Beven, K. and Chevallier, P. and Planchon, O.},
  title = {The prediction of hillslope flow paths for distributed hydrological modelling using digital terrain models},
  journal = {Hydrological Processes},
  volume = {5},
  number = {1},
  pages = {59-79},
  keywords = {Digital terrain data, Flow pathways, Distributed hydrological models},
  doi = {https://doi.org/10.1002/hyp.3360050106},
  year = {1991}
}
@article{Beven2002a,
author = {Beven, Keith},
title = {Towards a coherent philosophy for modelling the environment},
journal = {Proceedings of the Royal Society of London. Series A: Mathematical, Physical and Engineering Sciences},
volume = {458},
number = {2026},
pages = {2465-2484},
year = {2002},
doi = {10.1098/rspa.2002.0986},
}
@article{Souza2020a,
  author = {Souza, Carlos M. and Shimbo, Julia Z. and Rosa, Marcos R. and Parente, Leandro L. and Alencar, Ane A. and Rudorff, Bernardo F.T. and Hasenack, Heinrich and Matsumoto, Marcelo and Ferreira, Laerte G. and Souza-Filho, Pedro W.M. and Oliveira, Sergio W. de and Rocha, Washington F. and Fonseca, Antônio V. and Marques, Camila B. and Diniz, Cesar G. and Costa, Diego and Monteiro, Dyeden and Rosa, Eduardo R. and Vélez-Martin, Eduardo and Weber, Eliseu J. and Lenti, Felipe E.B. and Paternost, Fernando F. and Pareyn, Frans G.C. and Siqueira, João V. and Viera, José L. and Neto, Luiz C.Ferreira and Saraiva, Marciano M. and Sales, Marcio H. and Salgado, Moises P.G. and Vasconcelos, Rodrigo and Galano, Soltan and Mesquita, Vinicius V. and Azevedo, Tasso},
  doi = {https://doi.org/10.3390/RS12172735},
  issn = {20724292},
  issue = {17},
  journal = {Remote Sensing},
  keywords = {Brazilian biomes,Land cover change,Land use,Landsat,Random forest,Time-series},
  month = {9},
  publisher = {MDPI AG},
  title = {Reconstructing three decades of land use and land cover changes in brazilian biomes with landsat archive and earth engine},
  volume = {12},
  year = {2020}
}
@article{Nobre2016a,
author = {Nobre, Antonio Donato and Cuartas, Luz Adriana and Momo, Marcos Rodrigo and Severo, Dirceu Luís and Pinheiro, Adilson and Nobre, Carlos Afonso},
doi = {10.1002/hyp.10581},
issn = {10991085},
issue = {2},
journal = {Hydrological Processes},
keywords = {Flood-extent prediction,HAND model,Inundation mapping,Terrain model,Topographical contours},
month = {1},
pages = {320-333},
publisher = {John Wiley and Sons Ltd},
title = {HAND contour: A new proxy predictor of inundation extent},
volume = {30},
year = {2016}
}
@article{Horn1981a,
  author = {Horn, Berthold K.P.},
  doi = {10.1109/PROC.1981.11918},
  issn = {15582256},
  issue = {1},
  journal = {Proceedings of the IEEE},
  pages = {14-47},
  title = {Hill Shading and the Reflectance Map},
  volume = {69},
  year = {1981}
}
@article{Barnes2014a,
  author = {Barnes, Richard and Lehman, Clarence and Mulla, David},
  doi = {10.1016/j.cageo.2013.04.024},
  issn = {00983004},
  journal = {Computers and Geosciences},
  keywords = {Drainage network,GIS,Hydrology,Modeling,Pit filling,Terrain analysis},
  month = {1},
  pages = {117-127},
  title = {Priority-flood: An optimal depression-filling and watershed-labeling algorithm for digital elevation models},
  volume = {62},
  year = {2014}
}
@article{Renno2008a,
author = {Rennó, Camilo Daleles and Nobre, Antonio Donato and Cuartas, Luz Adriana and Soares, João Vianei and Hodnett, Martin G. and Tomasella, Javier and Waterloo, Maarten J.},
doi = {10.1016/j.rse.2008.03.018},
issn = {00344257},
issue = {9},
journal = {Remote Sensing of Environment},
month = {9},
pages = {3469-3481},
title = {HAND, a new terrain descriptor using SRTM-DEM: Mapping terra-firme rainforest environments in Amazonia},
volume = {112},
year = {2008}
}
@article{Crave1997a,
author = {Crave, A. and Gascuel-Odoux, C},
journal = {Hydrological Processes},
pages = {203-210},
title = {The influence of topography on time and space distribution of soil surface water content},
volume = {11},
year = {1997}
}

@article{Possantti2022a,
  title = {A modelling framework for nature-based solutions expansion planning considering the benefits to downstream urban water users},
  journal = {Environmental Modelling \& Software},
  volume = {152},
  pages = {105381},
  year = {2022},
  issn = {1364-8152},
  doi = {https://doi.org/10.1016/j.envsoft.2022.105381},
  author = {Possantti, Iporã and Marques, Guilherme},
  keywords = {Nature-based solutions, Expansion planning, Direct benefits, Water utility},
}
@article{Gao2015a,
  author = {Gao, Jihui and Holden, Joseph and Kirkby, Mike},
  doi = {10.1002/hyp.10408},
  issn = {10991085},
  issue = {13},
  journal = {Hydrological Processes},
  keywords = {Blanket peat,Flooding,Overland flow,Peak flow,Vegetation cover},
  month = {6},
  pages = {2867-2879},
  publisher = {John Wiley and Sons Ltd},
  title = {A distributed TOPMODEL for modelling impacts of land-cover change on river flow in upland peatland catchments},
  volume = {29},
  year = {2015}
}
@article{Iorgulescu1997a,
  abstract = {A generalization of the TOPMODEL equations for a power law vertical profile of hydraulic conductivity is introduced. The exponential profile of TOPMODEL is obtained as a limit case of the new general form.},
  author = {Iorgulescu, I and Musy, A},
  journal = {Hydrological Processes},
  note = {Relaxation of Topmodel A3 to generalized power function.},
  pages = {1353-1355},
  publisher = {John Wiley & Sons},
  title = {GENERALIZATION OF TOPMODEL FOR A POWER LAW TRANSMISSIVITY PROFILE},
  volume = {11},
  year = {1997}
}
@article{Ambroise1996a,
  author = {Ambroise, Bruno and Beven, Keith and Freer, Jim},
  doi = {10.1029/95WR03716},
  issn = {00431397},
  issue = {7},
  journal = {Water Resources Research},
  month = {7},
  note = {Relaxation of Topmodel A3 to exponential, parabolic and linear functions.},
  pages = {2135-2145},
  title = {Toward a generalization of the TOPMODEL concepts: Topographic indices of hydrological similarity},
  volume = {32},
  year = {1996}
}
@article{Beven2001b,
  author = {Beven, Keith and Freer, Jim},
  title = {A dynamic TOPMODEL},
  journal = {Hydrological Processes},
  volume = {15},
  number = {10},
  pages = {1993-2011},
  keywords = {TOPMODEL, contributing areas, hydrological similarity, Slapton Wood, GLUE},
  doi = {https://doi.org/10.1002/hyp.252},
  year = {2001}
}
@article{Wood1992b,
  author = {Wood, Eric F. and Lettenmaier, Dennis P. and Zartarian, Valerie G.},
  title = {A land-surface hydrology parameterization with subgrid variability for general circulation models},
  journal = {Journal of Geophysical Research: Atmospheres},
  volume = {97},
  number = {D3},
  pages = {2717-2728},
  doi = {https://doi.org/10.1029/91JD01786},
  year = {1992}
}
@article{Possantti2023a,
  author = {Possantti, Iporã and Barbedo, Rafael and Kronbauer, Marcelo and Collischonn, Walter and Marques, Guilherme},
  doi = {https://doi.org/10.1016/j.jhydrol.2022.129003},
  issn = {00221694},
  journal = {Journal of Hydrology},
  month = {2},
  pages = {129003},
  title = {A comprehensive strategy for modeling watershed restoration priority areas under epistemic uncertainty: A case study in the Atlantic Forest, Brazil},
  volume = {617},
  year = {2023},
}
@article{Beven1983a,
author = {Beven, Keith and Wood, Eric F},
journal = {Journal of Hydrology},
pages = {139-158},
title = {Catchment geomorphology and the dynamics of runoff contributing areas},
volume = {65},
year = {1983},
doi = {10.1016/0022-1694(83)90214-7}
}
@article{Dunne1970b,
  author = {Dunne, Thomas and Black, Richard D.},
  title = {An Experimental Investigation of Runoff Production in Permeable Soils},
  journal = {Water Resources Research},
  volume = {6},
  number = {2},
  pages = {478-490},
  doi = {https://doi.org/10.1029/WR006i002p00478},
  year = {1970}
}
@article{Collischonn2007,
   author = {WALTER COLLISCHONN and DANIEL ALLASIA and BENEDITO C. DA SILVA and CARLOS E. M. TUCCI},
   doi = {10.1623/hysj.52.5.878},
   isbn = {0262-6667},
   issn = {0262-6667},
   issue = {5},
   journal = {Hydrological Sciences Journal},
   pages = {878-895},
   title = {The MGB-IPH model for large-scale rainfall—runoff modelling},
   volume = {52},
   year = {2007},
}

@article{Beven1979a,
author = {Beven, K. J. and Kirkby, M. J.},
doi = {10.1080/02626667909491834},
issn = {03036936},
issue = {1},
journal = {Hydrological Sciences Bulletin},
pages = {43-69},
title = {A physically based, variable contributing area model of basin hydrology},
volume = {24},
year = {1979}
}
@misc{nasa2024,
  title        = {Mastcam-Z Views Santa Cruz on Mars},
  author       = {{NASA}},
  year         = {2024},
  howpublished = {\url{https://science.nasa.gov/resource/mastcam-z-views-santa-cruz-on-mars/}},
  note         = {Accessed: 2024-09-06}
}
@article{Bloschl1995a,
author = {Bloschl, G and Sivapalan, M},
journal = {HYDROLOGICAL PROCESSES},
keywords = {Aggregation,Dimensional analysis,Distributed modelling,Effective parameters,Fractals,Geomorphologic unit hydrograph,Scale,Scaling,Similarity,Stream network analysis},
pages = {251-290},
title = {Scale issues in hydrological modelling: a review},
volume = {9},
year = {1995},
doi = {10.1002/hyp.3360090305}
}
@article{Amorocho1964a,
author = {Amorocho, J and Hart, E},
title = {A critique of current methods in hydrologic systems investigation},
journal = {Eos, Transactions American Geophysical Union},
volume = {45},
number = {2},
pages = {307-321},
doi = {https://doi.org/10.1029/TR045i002p00307},
year = {1964}
}
@misc{ect_plynlimon,
  title        = {Plynlimon Research Catchments},
  author       = {{Ecological Continuity Trust}},
  year         = 2024,
  url          = {https://www.ecologicalcontinuitytrust.org/plynlimon-research-catchments},
  note         = {Accessed: 2024-09-01}
}
@book{brady2010,
  title={Elements of the Nature and Properties of Soils},
  author={Brady, N.C. and Weil, R.R.},
  isbn={9780135051955},
  lccn={2008052697},
  year={2010},
  publisher={Pearson Prentice Hall}
}
@article{Schneider2018,
AUTHOR={Schneider, Anna  and Hirsch, Florian  and Raab, Alexandra  and Raab, Thomas },
TITLE={Dye Tracer Visualization of Infiltration Patterns in Soils on Relict Charcoal Hearths},
JOURNAL={Frontiers in Environmental Science},
VOLUME={6},
YEAR={2018},
DOI={10.3389/fenvs.2018.00143},
ISSN={2296-665X},
}
@misc{epagri2024,
  author={EPAGRI},
  title={Desafios e soluções para mitigar a erosão provocada pelas chuvas na agricultura catarinense},
  howpublished = {\url{https://blog.epagri.sc.gov.br/index.php/artigo-desafios-e-solucoes-para-mitigar-a-erosao-provocada-pelas-chuvas-na-agricultura-catarinense/}},
  year={2024},
  note={Accessed: 2024-08-26}
}
@book{strahler1986,
  title={Geografia fisica},
  author={Strahler, A.N.},
  year={1986},
  publisher={Omega}
}
@article{Beven1977a,
title = {Hillslope hydrographs by the finite element method},
author = {Beven, Keith},
journal = {Earth Surface Processes},
volume = {2},
number = {1},
pages = {13--28},
year = {1977},
publisher = {Wiley Online Library},
doi = {https://doi.org/10.1002/esp.3290020103}
}
@article{Kirchner2006a,
author = {Kirchner, James W.},
title = {Getting the right answers for the right reasons: Linking measurements, analyses, and models to advance the science of hydrology},
journal = {Water Resources Research},
volume = {42},
number = {3},
pages = {},
keywords = {catchment hydrology, hydrological data, mathematical models, validation, water quality},
doi = {https://doi.org/10.1029/2005WR004362},
year = {2006}
}
@article{Sivapalan1987a,
author = {Sivapalan, M and Beven, Keith and Wood, Eric F},
issue = {12},
journal = {WATER RESOURCES RESEARCH},
title = {On Hydrologic Similarity A Scaled Model of Storm Runoff Production},
volume = {23},
year = {1987},
doi = {10.1029/wr023i012p02266}
}

@article{Beven2013a,
author = {Beven, Keith and Germann, Peter},
title = {Macropores and water flow in soils revisited},
journal = {Water Resources Research},
volume = {49},
number = {6},
pages = {3071-3092},
keywords = {preferential flow, soil physics, solute transport, Stokes flow, hillslope hydrology, celerity},
doi = {https://doi.org/10.1002/wrcr.20156},
year = {2013}
}
@article{Beven1989a,
author = {Beven, Keith},
journal = {Journal of Hydrology},
pages = {157-172},
publisher = {Elsevier Science Publishers B.V},
title = {Changing ideas in hydrology - the case of physically-based models},
volume = {105},
year = {1989},
doi = {10.1016/0022-1694(89)90101-7}
}
@article{Wood1988a,
author = {Wood, Eric F. and Sivapalan, M. and Beven, Keith and Band, Larry},
doi = {10.1016/0022-1694(88)90090-X},
issn = {00221694},
issue = {1-4},
journal = {Journal of Hydrology},
month = {9},
pages = {29-47},
title = {Effects of spatial variability and scale with implications to hydrologic modeling},
volume = {102},
year = {1988}
}
@article{Kirchner2006a,
author = {Kirchner, James W.},
title = {Getting the right answers for the right reasons: Linking measurements, analyses, and models to advance the science of hydrology},
journal = {Water Resources Research},
volume = {42},
number = {3},
pages = {},
keywords = {catchment hydrology, hydrological data, mathematical models, validation, water quality},
doi = {https://doi.org/10.1029/2005WR004362},
year = {2006}
}
@article{Beven2006a,
author = {Beven, k.},
title = {Searching for the holy grail of scientific hydrology: $q_{t}=(s, r, \Delta t)$ a as closure},
journal = {hydrology and earth system sciences},
volume = {10},
year = {2006},
number = {5},
pages = {609--618},
url = {https://hess.copernicus.org/articles/10/609/2006/},
doi = {10.5194/hess-10-609-2006}
}
@article{Woolhiser1996a,
author = {Woolhiser, David A.},
title = {Search for Physically Based Runoff Model—A Hydrologic El Dorado?},
journal = {Journal of Hydraulic Engineering},
volume = {122},
number = {3},
pages = {122-129},
year = {1996},
doi = {10.1061/(ASCE)0733-9429(1996)122:3(122)},
}
@article{Richards1931a,
title = {Capillary conduction of liquids through porous mediums},
author = {Richards, Lorenzo Adolph},
journal = {physics},
volume = {1},
number = {5},
pages = {318--333},
year = {1931},
publisher = {American Institute of Physics},
doi = {10.1063/1.1745010}
}
@article{Simmons2008a,
  title = {Henry Darcy (1803--1858): Immortalised by his scientific legacy},
  author = {Simmons, Craig T},
  journal = {Hydrogeology Journal},
  volume = {16},
  number = {6},
  pages = {1023--1038},
  year = {2008},
  publisher = {Springer},
  doi = {https://doi.org/10.1007/s10040-008-0304-3}
}
@article{Abbott1986a,
title = {An introduction to the European Hydrological System — Systeme Hydrologique Europeen, “SHE”, 1: History and philosophy of a physically-based, distributed modelling system},
journal = {Journal of Hydrology},
volume = {87},
number = {1},
pages = {45-59},
year = {1986},
issn = {0022-1694},
doi = {https://doi.org/10.1016/0022-1694(86)90114-9},
url = {https://www.sciencedirect.com/science/article/pii/0022169486901149},
author = {Abbott, M.B. and Bathurst, J.C. and Cunge, J.A. and O'Connell, P.E. and Rasmussen, J.},
}
@article{Abbott1986b,
  title = {An introduction to the European Hydrological System — Systeme Hydrologique Europeen, “SHE”, 2: Structure of a physically-based, distributed modelling system},
  journal = {Journal of Hydrology},
  volume = {87},
  number = {1},
  pages = {61-77},
  year = {1986},
  issn = {0022-1694},
  doi = {https://doi.org/10.1016/0022-1694(86)90115-0},
  author = {Abbott, M.B. and Bathurst, J.C. and Cunge, J.A. and O'Connell, P.E. and Rasmussen, J.},
}
@article{Freeze1971a,
  author = {Freeze, R. Allan},
  title = {Three-Dimensional, Transient, Saturated-Unsaturated Flow in a Groundwater Basin},
  journal = {Water Resources Research},
  volume = {7},
  number = {2},
  pages = {347-366},
  doi = {https://doi.org/10.1029/WR007i002p00347},
  year = {1971}
}
@article{Freeze1972b,
  author = {Freeze, R. Allan},
  title = {Role of subsurface flow in generating surface runoff: 2. Upstream source areas},
  journal = {Water Resources Research},
  volume = {8},
  number = {5},
  pages = {1272-1283},
  doi = {https://doi.org/10.1029/WR008i005p01272},
  year = {1972}
}
@article{Freeze1972a,
author = {Freeze, R Allan},
issue = {3},
journal = {Water Resources Research},
pages = {609-623},
title = {Role of Subsurface Flow in Generating Surface Runoff 1. Base Flow Contributions to Channel Flow},
volume = {8},
year = {1972},
doi = {10.1029/wr008i003p00609}
}
@article{Freeze1974a,
  author = {Freeze, R. Allan},
  title = {Streamflow generation},
  journal = {Reviews of Geophysics},
  volume = {12},
  number = {4},
  pages = {627-647},
  doi = {https://doi.org/10.1029/RG012i004p00627},
  year = {1974}
}
@article{Fatichi2016a,
  author = {Fatichi, Simone and Vivoni, Enrique R. and Ogden, Fred L. and Ivanov, Valeriy Y. and Mirus, Benjamin and Gochis, David and Downer, Charles W. and Camporese, Matteo and Davison, Jason H. and Ebel, Brian and Jones, Norm and Kim, Jongho and Mascaro, Giuseppe and Niswonger, Richard and Restrepo, Pedro and Rigon, Riccardo and Shen, Chaopeng and Sulis, Mauro and Tarboton, David},
  doi = {10.1016/j.jhydrol.2016.03.026},
  issn = {00221694},
  journal = {Journal of Hydrology},
  keywords = {Change assessments,Interdisciplinary,Modeling,Natural and built environment,Virtual experiments,Watershed processes},
  pages = {45-60},
  publisher = {Elsevier B.V.},
  title = {An overview of current applications, challenges, and future trends in distributed process-based models in hydrology},
  volume = {537},
  year = {2016}
}}
@article{Clark2017a,
  author = {Clark, Martyn P. and Bierkens, Marc F.P. and Samaniego, Luis and Woods, Ross A. and Uijlenhoet, Remko and Bennett, Katrina E. and Pauwels, Valentijn R.N. and Cai, Xitian and Wood, Andrew W. and Peters-Lidard, Christa D.},
  doi = {10.5194/hess-21-3427-2017},
  issn = {16077938},
  issue = {7},
  journal = {Hydrology and Earth System Sciences},
  pages = {3427-3440},
  title = {The evolution of process-based hydrologic models: Historical challenges and the collective quest for physical realism},
  volume = {21},
  year = {2017}
}}
@article{Simmons2020a,
  author = {Simmons, Craig T. and Brunner, Philip and Therrien, René and Sudicky, Edward A.},
  doi = {10.1016/j.jhydrol.2019.124309},
  issn = {00221694},
  journal = {Journal of Hydrology},
  keywords = {Blueprint,Freeze and Harlan (1969) Blueprint,Groundwater,Historical note,Hydrologic response model,Integrated hydrologic modelling,Surface water},
  month = {5},
  publisher = {Elsevier B.V.},
  title = {Commemorating the 50th anniversary of the Freeze and Harlan (1969) Blueprint for a physically-based, digitally-simulated hydrologic response model},
  volume = {584},
  year = {2020}
}}
@book{Beven2012,
  title={Rainfall-runoff modelling: the primer},
  author={Beven, Keith J},
  year={2012},
  publisher={John Wiley \& Sons}
}
@article{Kalinin1957a,
  title = {On the computation of unsteady flow in open channels},
  author = {Kalinin, GP and Milyukov, PI},
  journal = {Met. Gidrol},
  volume = {10},
  pages = {10--18},
  year = {1957}
}}
@article{Young2002a,
  title={Advances in real--time flood forecasting},
  author={Young, Peter C},
  journal={Philosophical Transactions of the Royal Society of London. Series A: Mathematical, Physical and Engineering Sciences},
  volume={360},
  number={1796},
  pages={1433--1450},
  year={2002},
  publisher={The Royal Society},
  doi = {https://doi.org/10.1098/rsta.2002.1008}
}
@article{Nash1958a,
  author = {Nash, J. E.},
  journal = {International Association of Hydrological Sciences},
  pages = {114-121},
  title = {The form of the instantaneous unit hydrograph},
  volume = {45},
  year = {1958}
}
@article{Todini2007a,
  author = {Todini, E.},
  doi = {10.5194/hess-11-468-2007},
  issn = {16077938},
  issue = {1},
  journal = {Hydrology and Earth System Sciences},
  keywords = {Catchment models,Data-driven input-output models,Equifinality,Physically-based models,Predictive uncertainty},
  pages = {468-482},
  title = {Hydrological catchment modelling: Past, present and future},
  volume = {11},
  year = {2007}
}
@article{Sherman1932a,
  title = {The relation of hydrographs of runoff to size and character of drainage-basins},
  journal = {Eos, Transactions American Geophysical Union},
  volume = {13},
  number = {1},
  pages = {332-339},
  author = {Sherman, L},
  doi = {https://doi.org/10.1029/TR013i001p00332},
  year = {1932}
}
@article{Todini2007a,
  author = {Todini, E.},
  doi = {10.5194/hess-11-468-2007},
  issn = {16077938},
  issue = {1},
  journal = {Hydrology and Earth System Sciences},
  keywords = {Catchment models,Data-driven input-output models,Equifinality,Physically-based models,Predictive uncertainty},
  pages = {468-482},
  title = {Hydrological catchment modelling: Past, present and future},
  volume = {11},
  year = {2007}
}

@article{Freeze1969a,
  author = {Freeze, R Allan and Harlan, R L},
  journal = {Journal of Hydrology},
  pages = {237-258},
  publisher = {© North-Holland Publishing Co},
  title = {Blueprint for a physically-based, digitally-simulated hydrologicl response model},
  volume = {9},
  year = {1969},
  doi = {10.1016/0022-1694(69)90020-1}
}
@article{Beven2019a,
  author = {Beven, Keith},
  doi = {10.2166/nh.2019.134},
  issn = {22247955},
  issue = {6},
  journal = {Hydrology Research},
  keywords = {Epistemic uncertainties,Hypothesis testing,Model invalidation,Models of Everywhere,Process representations},
  pages = {1481-1494},
  publisher = {IWA Publishing},
  title = {How to make advances in hydrological modelling},
  volume = {50},
  year = {2019}
}}
@misc{Burges2004a,
  author = {Burges, Stephen J},
  title = {HISTORY OF THE STANFORD WATERSHED MODEL},
  url = {https://www.researchgate.net/publication/242220953},
  year = {2004}
}
@article{burns2001quantifying,
  title={Quantifying contributions to storm runoff through end-member mixing analysis and hydrologic measurements at the Panola Mountain Research Watershed (Georgia, USA)},
  author={Burns, Douglas A and McDonnell, Jeffrey J and Hooper, Richard P and Peters, Norman E and Freer, James E and Kendall, Carol and Beven, Keith},
  journal={Hydrological processes},
  volume={15},
  number={10},
  pages={1903--1924},
  year={2001},
  publisher={Wiley Online Library}
}
@article{seibert2003groundwater,
  title={Groundwater dynamics along a hillslope: A test of the steady state hypothesis},
  author={Seibert, Jan and Bishop, Kevin and Rodhe, Allan and McDonnell, Jeffrey J},
  journal={Water Resources Research},
  volume={39},
  number={1},
  year={2003},
  publisher={Wiley Online Library}
}
@article{mcdonnell2014,
  title={The two water worlds hypothesis: ecohydrological separation of water between streams and trees?},
  author={McDonnell, Jeffrey J},
  journal={Wiley Interdisciplinary Reviews: Water},
  volume={1},
  number={4},
  pages={323--329},
  year={2014},
  publisher={Wiley Online Library}
}
@article{Evaristo2015,
   author = {Jaivime Evaristo and Scott Jasechko and Jeffrey J. McDonnell},
   doi = {10.1038/nature14983},
   issn = {14764687},
   issue = {7567},
   journal = {Nature},
   month = {9},
   pages = {91-94},
   pmid = {26333467},
   publisher = {Nature Publishing Group},
   title = {Global separation of plant transpiration from groundwater and streamflow},
   volume = {525},
   year = {2015},
}

@article{buttle1994,
  title={Isotope hydrograph separations and rapid delivery of pre-event water from drainage basins},
  author={Buttle, JM},
  journal={Progress in physical geography},
  volume={18},
  number={1},
  pages={16--41},
  year={1994},
  publisher={Sage Publications Sage CA: Thousand Oaks, CA}
}
@article{dincer1970,
  title={Variation of the tritium and oxygen-18 content in precipitation and snowpack in a representative basin in Czechoslovakia},
  author={Dincer, T and Martinec, J and Payne, BR and Yen, CK},
  journal={Isotopes in hydrology: Vienna, International Atomic Energy Agency},
  pages={23--42},
  year={1970},
  publisher={Citeseer}
}
@inproceedings{martinec1974,
  title={New insights into the run-off mechanism by environmental isotopes},
  author={Martinec, J and Siegenthaler, U and Oeschger, H and Tongiorgi, E},
  booktitle={Isotope techniques in groundwater hydrology 1974, Vol. I. Proceedings of a symposium},
  year={1974}
}
@article{sklash1976,
  title={A conceptual model of watershed response to rainfall, developed through the use of oxygen-18 as a natural tracer},
  author={Sklash, MG and Farvolden, RN and Fritz, P},
  journal={Canadian Journal of Earth Sciences},
  volume={13},
  number={2},
  pages={271--283},
  year={1976},
  publisher={NRC Research Press Ottawa, Canada}
}
@article{sklash1996,
  title={Isotope studies of pipeflow at Plynlimon, Wales, UK},
  author={Sklash, MG and Beven, KJ and Gilman, K and Darling, WG},
  journal={Hydrological Processes},
  volume={10},
  number={7},
  pages={921--944},
  year={1996},
  publisher={Wiley Online Library}
}
@article{kirchner2000,
  title={Fractal stream chemistry and its implications for contaminant transport in catchments},
  author={Kirchner, James W and Feng, Xiahong and Neal, Colin},
  journal={Nature},
  volume={403},
  number={6769},
  pages={524--527},
  year={2000},
  publisher={Nature Publishing Group UK London}
}
@article{Iorgulescu2007,
   author = {I. Iorgulescu and K. J. Beven and A. Musy},
   doi = {10.1029/2005WR004019},
   issn = {00431397},
   issue = {3},
   journal = {Water Resources Research},
   month = {3},
   title = {Flow, mixing, and displacement in using a data-based hydrochemical model to predict conservative tracer data},
   volume = {43},
   year = {2007},
}

@article{Kirchner2003,
   author = {James W Kirchner},
   issue = {4},
   journal = {Hydrological processes},
   pages = {871-874},
   publisher = {Wiley Online Library},
   title = {A double paradox in catchment hydrology and geochemistry},
   volume = {17},
   year = {2003},
}
@article{McDonnell2009,
   author = {Jeffrey J McDonnell},
   issue = {2},
   journal = {Progress in Physical Geography},
   pages = {288-293},
   publisher = {SAGE Publications Sage UK: London, England},
   title = {Hewlett, JD and Hibbert, AR 1967: Factors affecting the response of small watersheds to precipitation in humid areas. In Sopper, WE and Lull, HW, editors, Forest hydrology, New York: Pergamon Press, 275—90},
   volume = {33},
   year = {2009},
}

@article{Anderson1978,
   author = {M G Anderson and T P Burt},
   issue = {4},
   journal = {Earth Surface Processes},
   pages = {331-344},
   publisher = {Wiley Online Library},
   title = {The role of topography in controlling throughflow generation},
   volume = {3},
   year = {1978},
}
@article{Huff1982,
   author = {D D Huff and R V O'Neill and W R Emanuel and J W Elwood and J D Newbold},
   issue = {1},
   journal = {Earth Surface Processes and Landforms},
   pages = {91-94},
   publisher = {Wiley Online Library},
   title = {Flow variability and hillslope hydrology},
   volume = {7},
   year = {1982},
}

@article{mcdonnell1990,
  title={A rationale for old water discharge through macropores in a steep, humid catchment},
  author={McDonnell, Jeffrey J},
  journal={Water Resources Research},
  volume={26},
  number={11},
  pages={2821--2832},
  year={1990},
  publisher={Wiley Online Library}
}
@article{mcglynn2002,
  title={A review of the evolving perceptual model of hillslope flowpaths at the Maimai catchments, New Zealand},
  author={McGlynn, Brian L and McDonnel, Jeffrey J and Brammer, Dean D},
  journal={Journal of Hydrology},
  volume={257},
  number={1-4},
  pages={1--26},
  year={2002},
  publisher={Elsevier}
}
@article{sklash1979,
  title={The role of groundwater in storm runoff},
  author={Sklash, Michael G and Farvolden, Robert N},
  journal={Journal of Hydrology},
  volume={43},
  number={1-4},
  pages={45--65},
  year={1979},
  publisher={Elsevier}
}
@article{sklash1986,
  title={Storm runoff generation in humid headwater catchments: 2. A case study of hillslope and low-order stream response},
  author={Sklash, MG and Stewart, MK and Pearce, AJ},
  journal={Water Resources Research},
  volume={22},
  number={8},
  pages={1273--1282},
  year={1986},
  publisher={Wiley Online Library}
}
@article{Beven1982,
   author = {Keith Beven and Peter Germann},
   issue = {5},
   journal = {Water Resources Research},
   pages = {1311-1325},
   title = {Macropores and Water Flow in Soils},
   volume = {18},
   year = {1982},
}

@article{Mosley1979,
   author = {M Paul Mosley},
   issue = {4},
   journal = {Water Resources Research},
   pages = {795-806},
   publisher = {Wiley Online Library},
   title = {Streamflow generation in a forested watershed, New Zealand},
   volume = {15},
   year = {1979},
}

@article{Harr1977,
   author = {R D Harr},
   journal = {Journal of Hydrology},
   pages = {37},
   title = {Water flux in soil and subsoil on a steep forested slope},
   volume = {33},
   year = {1977},
}

@article{Beasley1976,
   author = {R S Beasley},
   issue = {6},
   journal = {Soil Science Society of America Journal},
   pages = {955-957},
   publisher = {Wiley Online Library},
   title = {Contribution of subsurface flow from the upper slopes of forested watersheds to channel flow},
   volume = {40},
   year = {1976},
}

@article{Jones1971,
   author = {Anthony Jones},
   issue = {3},
   journal = {Water Resources Research},
   pages = {602-610},
   publisher = {Wiley Online Library},
   title = {Soil piping and stream channel initiation},
   volume = {7},
   year = {1971},
}

@article{weyman1970,
  title={Throughflow on hillslopes and its relation to the stream hydrograph},
  author={Weyman, DR},
  journal={Hydrological sciences journal},
  volume={15},
  number={3},
  pages={25--33},
  year={1970},
  publisher={Taylor \& Francis}
}
@article{patric1968,
  title={Hydrology of a slide-prone glacial till soil in southeast Alaska},
  author={Patric, James H and Swanston, Douglas N},
  journal={Journal of Forestry},
  volume={66},
  number={1},
  pages={62--66},
  year={1968},
  publisher={Oxford University Press}
}
@article{pinder1969,
  title={Determination of the ground-water component of peak discharge from the chemistry of total runoff},
  author={Pinder, George F and Jones, John F},
  journal={Water Resources Research},
  volume={5},
  number={2},
  pages={438--445},
  year={1969},
  publisher={Wiley Online Library}
}
@article{Ragan1968,
   author = {R. M. Ragan},
   city = {Bern},
   journal = { Hydrological Aspects of the Utilization of Water, Reports and Discussions  (Proc.  IAHS Assembly)},
   pages = {241-251},
   publisher = {IAHS Publications 76},
   title = {An experimental investigation of partial area contributions},
   year = {1968},
}

@article{Whipkey1965,
   author = {Ronald Z. Whipkey},
   doi = {10.1080/02626666509493392},
   issn = {00206024},
   issue = {2},
   journal = {International Association of Scientific Hydrology. Bulletin},
   pages = {74-85},
   title = {Subsurface stormflow from forested slopes},
   volume = {10},
   year = {1965},
}

@article{Dunne1970,
   author = {Thomas Dunne and Richard D Black},
   issue = {5},
   journal = {Water Resources Research},
   title = {Partial Area Contributions to Storm Runo in a Small NeW, England Watershed},
   volume = {6},
   year = {1970},
}

@article{Hewlett1967,
   author = {J.D. Hewlett and A. R. Hibbert},
   journal = {Forest hydrology},
   pages = {275-290},
   title = {Factors affecting the response of small watersheds to precipitation in humid areas},
   volume = {11},
   year = {1967},
}
@article{Snyder1939,
   author = {Franklin F Snyder},
   issue = {4},
   journal = {Eos, Transactions American Geophysical Union},
   pages = {725-738},
   publisher = {Wiley Online Library},
   title = {A conception of runoff-phenomena},
   volume = {20},
   year = {1939},
}
@article{Barnes1939,
   author = {Bertram S Barnes},
   issue = {4},
   journal = {Eos, Transactions American Geophysical Union},
   pages = {721-725},
   publisher = {Wiley Online Library},
   title = {The structure of discharge-recession curves},
   volume = {20},
   year = {1939},
}
@article{Hursh1941,
   author = {C R Hursh and E F Brater},
   issue = {3},
   journal = {Eos, Transactions American Geophysical Union},
   pages = {863-871},
   publisher = {Wiley Online Library},
   title = {Separating storm-hydrographs from small drainage-areas into surface-and subsurface-flow},
   volume = {22},
   year = {1941},
}

@article{Hursh1942,
   author = {C R Hursh and P W Fletcher},
   issue = {C},
   journal = {Soil Science Society of America Journal},
   pages = {480-486},
   publisher = {Soil Science Society of America},
   title = {The soil profile as a natural reservoir},
   volume = {7},
   year = {1942},
}

@article{Mcdonnell2013,
   author = {Jeffrey J. Mcdonnell},
   doi = {10.1002/hyp.10076},
   issn = {08856087},
   issue = {26},
   journal = {Hydrological Processes},
   month = {12},
   pages = {4103-4111},
   title = {Are all runoff processes the same?},
   volume = {27},
   year = {2013},
}

@article{Dunne1983,
title = {Relation of field studies and modeling in the prediction of storm runoff},
journal = {Journal of Hydrology},
volume = {65},
number = {1},
pages = {25-48},
year = {1983},
note = {Scale Problems in Hydrology},
issn = {0022-1694},
doi = {https://doi.org/10.1016/0022-1694(83)90209-3},
author = {Thomas Dunne},
}

@inbook{Kirkby1969,
   author = {M J Kirkby},
   doi = {10.4324/9781003170181},
   journal = {Water, Earth, and Man},
   pages = {215-227},
   publisher = {Methuen},
   title = {Infiltration, Throughflow, and Overland Flow},
   year = {1969},
}

@article{Betson1964,
   author = {Roger P Betson},
   doi = {https://doi.org/10.1029/JZ069i008p01541},
   issue = {8},
   journal = {Journal of Geophysical research},
   pages = {1541-1552.},
   title = {What Is Watershed Runoff?},
   volume = {69},
   year = {1964},
}

@article{Hewlett1963,
   author = {John D Hewlett and Alden R Hibbert},
   doi = {https://doi.org/10.1029/JZ068i004p01081},
   issue = {4},
   journal = {Journal of Geophysical Research},
   pages = {1081-1087},
   title = {Moisture and energy conditions within a sloping soil mass during drainage},
   volume = {68},
   year = {1963},
}

@article{Tsukamoto1963,
   author = {Yoshinori Tsukamoto},
   doi = {https://doi.org/10.11519/jjfs1953.45.6_186},
   issue = {6},
   journal = {Journal of the Japanese Forestry Society},
   pages = {186-190},
   publisher = {THE JAPANESE FORESTRY SOCIETY},
   title = {Storm discharge from an experimental watershed},
   volume = {45},
   year = {1963},
}
@article{Cappus1960,
   author = {Pj Cappus},
   journal = {La houille blanche},
   pages = {493-520},
   publisher = {EDP Sciences},
   title = {Etude des lois de l'écoulement-Application au calcul et à la prévision des débits},
   year = {1960},
}
@article{Beven2004c,
   author = {Keith Beven},
   doi = {10.1016/j.jhydrol.2004.02.001},
   issn = {00221694},
   issue = {1-4},
   journal = {Journal of Hydrology},
   keywords = {Horton Hydrology Laboratory,Infiltration capacity,La Grange Brook},
   month = {6},
   note = {Horton may never observerd overland runoff at the LaGrange catchment!!},
   pages = {219-234},
   title = {Infiltration excess at the Horton Hydrology Laboratory (or not?)},
   volume = {293},
   year = {2004},
}
@article{Beven2004b,
   author = {Keith Beven},
   doi = {10.1002/hyp.5741},
   issn = {08856087},
   issue = {18},
   journal = {Hydrological Processes},
   keywords = {Groundwater throttling,History of hydrology,Saturated areas,Subsurface stormflow,Wave translation},
   month = {12},
   pages = {3687-3696},
   title = {Robert E. Horton and abrupt rises of ground water},
   volume = {18},
   year = {2004},
}

@article{Horton1936,
   author = {R Horton},
   doi = {https://doi.org/10.1029/TR017i002p00344},
   issue = {2},
   journal = {Transactions American Geophysical Union},
   pages = {344-357},
   title = {Maximum ground-water levels},
   volume = {17},
   year = {1936},
}
@article{Hoover1943,
   author = {M D Hoover and C R Hursh},
   doi = {https://doi.org/10.1029/TR024i002p00693},
   issue = {2},
   journal = {Transactions American Geophysical Union},
   pages = {693-698},
   title = {Influence of topography and soil-depth on runoff from forest land},
   volume = {24},
   year = {1943},
}

@article{Hursh1944,
   author = {Charles R Hursh},
   issue = {5},
   journal = {Eos, Transactions American Geophysical Union},
   pages = {743-746},
   publisher = {Wiley Online Library},
   title = {Subsurface-flow},
   volume = {25},
   year = {1944},
}
@article{Dooge1988,
   author = {James C.I. Dooge},
   doi = {10.1080/02626668809491223},
   issn = {21503435},
   issue = {1},
   journal = {Hydrological Sciences Journal},
   pages = {61-85},
   title = {Hydrology in perspective},
   volume = {33},
   year = {1988},
}
@article{Beven2004a,
   author = {Keith Beven},
   doi = {10.1002/hyp.5740},
   issn = {08856087},
   issue = {17},
   journal = {Hydrological Processes},
   keywords = {History of hydrology,Infiltration capacity,Macropores,Scale,Soil air,Sun-checks},
   month = {12},
   pages = {3447-3460},
   title = {Robert E. Horton's perceptual model of infiltration processes},
   volume = {18},
   year = {2004},
}

@article{philip1957,
  title={The theory of infiltration: 1. The infiltration equation and its solution},
  author={Philip, JR},
  journal={Soil science},
  volume={83},
  number={5},
  pages={345--358},
  year={1957},
  publisher={LWW}
}
@article{mishra2003,
  title={Comparison of infiltration models},
  author={Mishra, Surendra Kumar and Tyagi, Jaivir V and Singh, Vijay P},
  journal={Hydrological processes},
  volume={17},
  number={13},
  pages={2629--2652},
  year={2003},
  publisher={Wiley Online Library}
}
@misc{mockus1949,
   author = {Victor Mockus},
   journal = {Exhibit A in Appendix B, Interim Survey Report (Neosho) River Watershed USDA},
   title = {Estimation of total (and peak rates of) surface runoff for individual storms},
   year = {1949},
}

@inproceedings{Rallison1981,
   author = {R.E. Rallison and N. Miller},
   city = {Mississippi State University},
   journal = {Proceedings of International Symposium on Rainfall-Runoff Modeling},
   pages = {353-364},
   publisher = {Water Resources Publications},
   title = {Past, present, and future SCS runoff procedure},
   year = {1981},
}
@article{Horton1939,
   author = {Robert E Horton},
   issue = {Reports and papers - hydrology},
   journal = {Transactions American Geophysical Union},
   pages = {693 - 711},
   title = {Analysis of runoff-plat experiments with varying infiltration capacity},
   year = {1939},
}
@article{Cook1946,
   author = {Howard L Cook},
   issue = {5},
   journal = {Eos, Transactions American Geophysical Union},
   pages = {726-747},
   publisher = {Wiley Online Library},
   title = {The infiltration approach to the calculation of surface runoff},
   volume = {27},
   year = {1946},
}
@article{Beven2021b,
   author = {Keith Beven},
   doi = {10.5194/hess-25-851-2021},
   issn = {16077938},
   issue = {2},
   journal = {Hydrology and Earth System Sciences},
   month = {2},
   pages = {851-866},
   publisher = {Copernicus GmbH},
   title = {The era of infiltration},
   volume = {25},
   year = {2021},
}
@article{Horton1933,
   abstract = {applicability for this approach.},
   author = {Robert E. Horton},
   doi = {10.1029/TR014i001p00446},
   isbn = {9788578110796},
   issn = {23249250},
   issue = {Reports and papers - hydrology},
   journal = {Transactions American Geophysical Union},
   pages = {446 - 460},
   pmid = {25246403},
   title = {The role of infiltration in the hydrologic cycle},
   year = {1933},
}
@article{mcdonnell2021,
    author = {McDonnell, Jeffrey J. and Spence, Christopher and Karran, Daniel J. and van Meerveld, H. J. (Ilja) and Harman, Ciaran J.},
    title = {Fill-and-Spill: A Process Description of Runoff Generation at the Scale of the Beholder},
    journal = {Water Resources Research},
    volume = {57},
    number = {5},
    pages = {e2020WR027514},
    keywords = {field work, fill-and-spill, perceptual model, runoff generation, scale},
    doi = {https://doi.org/10.1029/2020WR027514},
    year = {2021}
}
@misc{Sivapalan2017,
   author = {Murugesu Sivapalan and Günter Blöschl},
   doi = {10.1002/2017WR021396},
   issn = {19447973},
   issue = {10},
   journal = {Water Resources Research},
   keywords = {history of hydrology,hydrologic understanding,ideas,societal needs,technologies},
   month = {10},
   pages = {8137-8146},
   publisher = {Blackwell Publishing Ltd},
   title = {The Growth of Hydrological Understanding: Technologies, Ideas, and Societal Needs Shape the Field},
   volume = {53},
   year = {2017},
}
@article{Sivapalan2018,
   author = {Murugesu Sivapalan},
   doi = {10.5194/hess-22-1665-2018},
   issn = {16077938},
   issue = {3},
   journal = {Hydrology and Earth System Sciences},
   pages = {1665-1693},
   title = {From engineering hydrology to Earth system science: Milestones in the transformation of hydrologic science},
   volume = {22},
   year = {2018},
}
@book{chow1964,
  title={Handbook of Applied Hydrology},
  author={Chow, Ven Te},
  number={v. 1},
  isbn={9780070107748},
  lccn={lc63013931},
  series={Handbook of Applied Hydrology: A Compendium of Water-resources Technology},
  year={1964},
  publisher={McGraw-Hill}
}
@article{tsukamoto1973,
  title={Study on the growth of stream channel (I)},
  author={Yoshinori Tsukamoto},
  journal={Shin sabo},
  volume={25},
  number={4},
  pages={4-13},
  year={1973},
  doi={10.11475/sabo1948.25.4_4}
}
@article{mediondo1997,
  title={Escalas hidrológicas. II: Diversidade de processos na bacia vertente},
  author={Mediondo, EM and TUCCI, CE},
  journal={Revista Brasileira de Recursos Hídricos},
  volume={2},
  number={1},
  pages={81--100},
  year={1997}
}
@article{godoy2021,
  title={utilização do termo bacia de ordem zero no Brasil},
  author={Godoy, João Vicente Zancan and Kobiyama, Masato and Campagnolo, Karla and Fagundes, Marina Refatti},
  journal={Revista Geográfica Acadêmica. Boa Vista. Vol. 15, n. 2 (jul./dez. 2021), p. 89-107},
  year={2021}
}
@article{strahler1957,
  title={Quantitative analysis of watershed geomorphology},
  author={Strahler, Arthur N},
  journal={Transactions American Geophysical Union},
  volume={38},
  number={6},
  pages={913--920},
  year={1957},
  publisher={Wiley Online Library}
}
@misc{Pereira2023,
  author = {Pereira, Flávia Lorena Medeiros},
  title = {Elaboração e construção de modelo físico de representação do vale a jusante da barragem de Canastra - RS},
  year = {2023},
  howpublished = {Salão de Iniciação Científica (35. : 2023 nov. 6-10 : UFRGS, Porto Alegre, RS)},
  type = {Abstract published in event},
  institution = {Universidade Federal do Rio Grande do Sul},
  address = {Porto Alegre, RS},
  url = {https://lume.ufrgs.br/handle/10183/269798}
}
@article{deChadarevian2003,
  author = {de Chadarevian, Soraya},
  title = {Portrait of a discovery. Watson, Crick, and the double helix},
  journal = {Isis},
  volume = {94},
  number = {1},
  pages = {90--105},
  year = {2003},
  publisher = {The University of Chicago Press on behalf of The History of Science Society},
  url = {https://doi.org/10.1086/376100}
}
@book{odum2008,
  title={A Prosperous Way Down: Principles and Policies},
  author={Odum, H.T. and Odum, E.C.},
  isbn={9781607320814},
  year={2008},
  publisher={University Press of Colorado}
}

@book{kahneman2011,
  title={Thinking, Fast and Slow},
  author={Kahneman, D.},
  isbn={9781429969352},
  lccn={2011027143},
  year={2011},
  publisher={Farrar, Straus and Giroux}
}
@book{bertalanffy,
  title={Teoria geral dos sistemas: Fundamentos, desenvolvimento e aplica{\c{c}}{\~o}es},
  author={Von Bertalanffy},
  isbn={9788532636904},
  year={2014},
  publisher={Editora Vozes}
}
@book{glantz2001,
  title={Primer of applied regression \& analysis of variance, ed},
  author={Glantz, Stanton A and Slinker, Bryan K and Neilands, Torsten B},
  volume={654},
  year={2001},
  publisher={McGraw-Hill, Inc., New York}
}
@article{beven1992,
author = {Beven, Keith and Binley, Andrew},
title = {The future of distributed models: Model calibration and uncertainty prediction},
journal = {Hydrological Processes},
volume = {6},
number = {3},
pages = {279-298},
doi = {https://doi.org/10.1002/hyp.3360060305},
year = {1992}
}
@article{Saltelli2019,
title = {Why so many published sensitivity analyses are false: A systematic review of sensitivity analysis practices},
journal = {Environmental Modelling and Software},
volume = {114},
pages = {29-39},
year = {2019},
issn = {1364-8152},
doi = {https://doi.org/10.1016/j.envsoft.2019.01.012},
author = {Andrea Saltelli and Ksenia Aleksankina and William Becker and Pamela Fennell and Federico Ferretti and Niels Holst and Sushan Li and Qiongli Wu},
}
@article{Saltelli2006,
title = {Sensitivity analysis practices: Strategies for model-based inference},
journal = {Reliability Engineering and System Safety},
volume = {91},
number = {10},
pages = {1109-1125},
year = {2006},
note = {The Fourth International Conference on Sensitivity Analysis of Model Output (SAMO 2004)},
issn = {0951-8320},
doi = {https://doi.org/10.1016/j.ress.2005.11.014},
author = {Andrea Saltelli and Marco Ratto and Stefano Tarantola and Francesca Campolongo},
}
@article{miller1998,
  title={Active nonlinear tests (ANTs) of complex simulation models},
  author={Miller, John H},
  journal={Management Science},
  volume={44},
  number={6},
  pages={820--830},
  year={1998},
  publisher={INFORMS}
}
@article{Gupta2009,
   author = {Hoshin V. Gupta and Harald Kling and Koray K. Yilmaz and Guillermo F. Martinez},
   doi = {10.1016/j.jhydrol.2009.08.003},
   issn = {00221694},
   issue = {1-2},
   journal = {Journal of Hydrology},
   keywords = {Calibration,Criteria decomposition,Mean squared error,Model performance evaluation,Multiple criteria,Nash-Sutcliffe efficiency},
   month = {10},
   pages = {80-91},
   title = {Decomposition of the mean squared error and NSE performance criteria: Implications for improving hydrological modelling},
   volume = {377},
   year = {2009},
}
@article{Nash1970,
   author = {J E Nash and J V Sutcliffe},
   journal = {Journal of Hydrology},
   pages = {282-290},
   publisher = {© North-Holland Publishing Co},
   title = {River flow forecasting through conceptual models Part i-a Discussion of principles},
   volume = {10},
   year = {1970},
}
@article{bradley2019,
author = {Rettler, Bradley},
title = {Quantification in the Ontology Room},
journal = {Dialectica},
volume = {73},
number = {4},
pages = {563-585},
doi = {https://doi.org/10.1111/1746-8361.12286},
year = {2019}
}
@book{sterman2000,
  title={Business Dynamics: Systems Thinking and Modeling for a Complex World},
  author={Sterman, J.},
  isbn={9780072311358},
  lccn={99056030},
  series={McGraw-Hill Higher Education},
  year={2000},
  publisher={Irwin/McGraw-Hill}
}

@book{meadows1974,
  title={The Limits to Growth: A Report for the Club of Rome's Project on the Predicament of Mankind},
  author={Meadows, D.H. and Club of Rome},
  number={pt. 1},
  isbn={9780876639016},
  lccn={73187907},
  series={(A Signet classic)},
  year={1974},
  publisher={Universe Books}
}
@book{forrester1964,
  title={Industrial Dynamics},
  author={Forrester, J.W.},
  isbn={9780262060035},
  lccn={61017871},
  series={Students' edition},
  year={1964},
  publisher={M.I.T. Press}
}
@article{forrester2007,
  title={System dynamics—a personal view of the first fifty years},
  author={Forrester, Jay W},
  journal={System Dynamics Review: The Journal of the System Dynamics Society},
  volume={23},
  number={2-3},
  pages={345--358},
  year={2007},
  publisher={Wiley Online Library}
}
@article{sterman2018,
  title={System dynamics at sixty: the path forward},
  author={Sterman, John},
  journal={System Dynamics Review},
  volume={34},
  number={1-2},
  pages={5--47},
  year={2018},
  publisher={Wiley Online Library}
}
@book{kuhn2012structure,
  title={The Structure of Scientific Revolutions},
  author={Kuhn, T.S. and Hacking, I.},
  isbn={9780226458144},
  lccn={2011042476},
  year={2012},
  publisher={University of Chicago Press}
}
@book{meadows2008,
  title={Thinking in systems: A primer},
  author={Meadows, Donella H},
  year={2008},
  publisher={Chelsea Green Publishing}
}
@article{lee1970use,
  title={The use of conceptual models in understanding},
  author={Lee, Harold N},
  journal={The Southwestern Journal of Philosophy},
  volume={1},
  number={1/2},
  pages={89--94},
  year={1970},
  publisher={JSTOR}
}
@book{gelfert2016,
  title={How to do science with models: A philosophical primer},
  author={Gelfert, Axel},
  year={2016},
  publisher={Springer}
}
@inbook{hesse2017,
author = {Hesse, Mary},
publisher = {John Wiley and Sons, Ltd},
isbn = {9781405164481},
title = {Models and Analogies},
booktitle = {A Companion to the Philosophy of Science},
chapter = {44},
pages = {299-307},
doi = {https://doi.org/10.1002/9781405164481.ch44},
year = {2017},
}

@article{shaw_ashley_1983, 
title={Analogy and Inference},
volume={22}, 
DOI={10.1017/S0012217300046588},
number={3}, 
journal={Dialogue}, 
publisher={Cambridge University Press}, 
author={Shaw, William H. and Ashley, L. R.},
year={1983}, 
pages={415–432}
}
@article{musgrave1981,
  title={‘UNREAL ASSUMPTIONS’IN ECONOMIC THEORY: THE F-TWIST UNTWISTED},
  author={Musgrave, Alan},
  journal={Kyklos},
  volume={34},
  number={3},
  pages={377--387},
  year={1981},
  publisher={Wiley Online Library}
}
@article{MCMULLIN1985,
title = {Galilean idealization},
journal = {Studies in History and Philosophy of Science Part A},
volume = {16},
number = {3},
pages = {247-273},
year = {1985},
issn = {0039-3681},
doi = {https://doi.org/10.1016/0039-3681(85)90003-2},
url = {https://www.sciencedirect.com/science/article/pii/0039368185900032},
author = {Ernan McMullin}
}
@Inbook{Godfrey-Smith2009,
author="Godfrey-Smith, Peter",
editor="Barberousse, Anouk
and Morange, Michel
and Pradeu, Thomas",
title="Abstractions, Idealizations, and Evolutionary Biology",
bookTitle="Mapping the Future of Biology: Evolving Concepts and Theories",
year="2009",
publisher="Springer Netherlands",
address="Dordrecht",
pages="47--56",
isbn="978-1-4020-9636-5",
doi="10.1007/978-1-4020-9636-5_4",
url="https://doi.org/10.1007/978-1-4020-9636-5_4"
}
@InCollection{sep-models-science,
    author={Frigg, Roman and Hartmann, Stephan},
    title={Models in Science},
    booktitle={The Stanford Encyclopedia of Philosophy},
    editor={Edward N. Zalta},
    howpublished={\url{https://plato.stanford.edu/archives/spr2020/entries/models-science/}},
    year={2020},
    edition={Spring 2020},
    publisher={Metaphysics Research Lab, Stanford University}
}
@book{descartes2008discurso,
  title={Discurso do m{\'e}todo: },
  author={Descartes, R. and Neves, P. and Rosenfield, D.L.},
  isbn={9788525410979},
  series={Cole{\c{c}}{\~a}o L\&PM pocket},
  year={2008},
  publisher={L\&PM}
}
@article{laird2010,
    author = {Johnson-Laird, Phil},
    title = {Deductive reasoning},
    journal = {WIREs Cognitive Science},
    volume = {1},
    number = {1},
    pages = {8-17},
    doi = {https://doi.org/10.1002/wcs.20},
    url = {https://wires.onlinelibrary.wiley.com/doi/abs/10.1002/wcs.20},
    eprint = {https://wires.onlinelibrary.wiley.com/doi/pdf/10.1002/wcs.20},
    year = {2010}
}
@InCollection{sep-locke,
	author       =	{Uzgalis, William},
	title        =	{{John Locke}},
	booktitle    =	{The {Stanford} Encyclopedia of Philosophy},
	editor       =	{Edward N. Zalta and Uri Nodelman},
	howpublished =	{\url{https://plato.stanford.edu/archives/fall2022/entries/locke/}},
	year         =	{2022},
	edition      =	{{F}all 2022},
	publisher    =	{Metaphysics Research Lab, Stanford University}
}
@InCollection{sep-induction-problem,
	author       =	{Henderson, Leah},
	title        =	{{The Problem of Induction}},
	booktitle    =	{The {Stanford} Encyclopedia of Philosophy},
	editor       =	{Edward N. Zalta},
	howpublished =	{\url{https://plato.stanford.edu/archives/spr2020/entries/induction-problem/}},
	year         =	{2020},
	edition      =	{{S}pring 2020},
	publisher    =	{Metaphysics Research Lab, Stanford University}
}
@InCollection{sep-rationalism-empiricism,
	author       =	{Markie, Peter and Folescu, M.},
	title        =	{{Rationalism vs. Empiricism}},
	booktitle    =	{The {Stanford} Encyclopedia of Philosophy},
	editor       =	{Edward N. Zalta and Uri Nodelman},
	howpublished =	{\url{https://plato.stanford.edu/archives/spr2023/entries/rationalism-empiricism/}},
	year         =	{2023},
	edition      =	{{S}pring 2023},
	publisher    =	{Metaphysics Research Lab, Stanford University}
}
@article{cling2008,
   author = {Andrew D Cling},
   doi = {10.1007/sl},
   isbn = {143.54.122.81},
   issue = {3},
   journal = {Philosophical Studies: An International Journal for Philosophy in the Analytic Tradition},
   pages = {401-421},
   title = {The Epistemic Regress Problem},
   volume = {140},
   url = {https://about.jstor.org/terms},
   year = {2008},
}
@InCollection{sep-epistemology-bayesian,
	author       =	{Lin, Hanti},
	title        =	{{Bayesian Epistemology}},
	booktitle    =	{The {Stanford} Encyclopedia of Philosophy},
	editor       =	{Edward N. Zalta and Uri Nodelman},
	howpublished =	{\url{https://plato.stanford.edu/archives/fall2022/entries/epistemology-bayesian/}},
	year         =	{2022},
	edition      =	{{F}all 2022},
	publisher    =	{Metaphysics Research Lab, Stanford University}
}
@book{sprenger2019,
    author = {Sprenger, Jan and Hartmann, Stephan},
    title = "{Bayesian Philosophy of Science}",
    publisher = {Oxford University Press},
    year = {2019},
    month = {08},
    isbn = {9780199672110},
    doi = {10.1093/oso/9780199672110.001.0001},
}
@book{popper2004logica,
  title={A lógica da pesquisa científica},
  author={Popper, Karl R},
  year={2004},
  publisher={Editora Cultrix}
}
@book{popper2013dois,
  title={Os dois problemas fundamentais da teoria do conhecimento},
  author={Popper, Karl R},
  year={2013},
  publisher={Editora Unesp}
}
@article{Beven2014,
   author = {Keith Beven and Andrew Binley},
   doi = {10.1002/hyp.10082},
   issn = {10991085},
   issue = {24},
   journal = {Hydrological Processes},
   month = {11},
   pages = {5897-5918},
   publisher = {John Wiley and Sons Ltd},
   title = {GLUE: 20 years on},
   volume = {28},
   year = {2014},
}
@book{beven2011,
  title={Rainfall-runoff modelling: the primer},
  author={Beven, Keith J},
  year={2011},
  publisher={John Wiley \& Sons}
}
@book{Beven2009,
   author = {Keith Beven},
   isbn = {0-203-93248-X},
   pages = {329},
   publisher = {Routledge},
   title = {Environmental Modelling: An Uncertain Future? An introduction to techniques for uncertainty estimation in environmental prediction},
   year = {2009},
}
@article{Beven2021,
author = {Beven, Keith J. and Chappell, Nick A.},
title = {Perceptual perplexity and parameter parsimony},
journal = {WIREs Water},
volume = {8},
number = {4},
pages = {e1530},
doi = {https://doi.org/10.1002/wat2.1530},
year = {2021}
}
@article{Beven2018,
author = {Beven, Keith J.},
title = {On hypothesis testing in hydrology: Why falsification of models is still a really good idea},
journal = {WIREs Water},
volume = {5},
number = {3},
pages = {e1278},
doi = {https://doi.org/10.1002/wat2.1278},
year = {2018}
}

@book{Box1979,
   abstract = {All models are wrong but some are useful},
   author = {G.E.P. Box},
   doi = {10.1016/b978-0-12-438150-6.50018-2},
   isbn = {0124381502},
   journal = {Robustness in Statistics},
   pages = {201-236},
   publisher = {Academic Press},
   title = {Robustness in the Strategy of Scientific Model Building},
   url = {http://dx.doi.org/10.1016/B978-0-12-438150-6.50018-2},
   year = {1979},
}
@book{graybill1994,
  title={Regression Analysis: Concepts and Applications},
  author={Graybill, F.A. and Iyer, H.K.},
  isbn={9780534198695},
  lccn={lc93044089},
  series={An Alexander Kugushev book},
  year={1994},
  publisher={Duxbury Press}
}
@book{saatsi2017,
  title={The Routledge Handbook of Scientific Realism},
  author={Saatsi, J.},
  isbn={9781351362900},
  series={Routledge Handbooks in Philosophy},
  year={2017},
  publisher={Taylor \& Francis}
}
@Inbook{Tulodziecki2017,
    author="Tulodziecki, Dana",
    editor="Saatsi, J.",
    title="Underdetermination",
    bookTitle="The Routledge Handbook of Scientific Realism",
    year="2017",
    publisher="Taylor \& Francis",
    pages="60--71",
}
@article{Hoffman2015,
   author = {Donald D. Hoffman and Manish Singh and Chetan Prakash},
   doi = {10.3758/s13423-015-0890-8},
   issn = {15315320},
   issue = {6},
   journal = {Psychonomic Bulletin and Review},
   month = {12},
   pages = {1480-1506},
   pmid = {26384988},
   publisher = {Springer New York LLC},
   title = {The Interface Theory of Perception},
   volume = {22},
   year = {2015},
}
@article{Hoffman2023,
   author = {Donald D. Hoffman and Chetan Prakash and Robert Prentner},
   doi = {10.3390/e25010129},
   issn = {10994300},
   issue = {1},
   journal = {Entropy},
   month = {1},
   publisher = {MDPI},
   title = {Fusions of Consciousness},
   volume = {25},
   year = {2023},
}
@InCollection{sep-constructive-empiricism,
	author       =	{Monton, Bradley and Mohler, Chad},
	title        =	{{Constructive Empiricism}},
	booktitle    =	{The {Stanford} Encyclopedia of Philosophy},
	editor       =	{Edward N. Zalta},
	howpublished =	{\url{https://plato.stanford.edu/archives/sum2021/entries/constructive-empiricism/}},
	year         =	{2021},
	edition      =	{{S}ummer 2021},
	publisher    =	{Metaphysics Research Lab, Stanford University}
}
@Inbook{Agazzi2017,
    author="Agazzi, Evandro",
    editor="Agazzi, Evandro",
    title="The Truth of Theories and Scientific Realism",
    bookTitle="Varieties of Scientific Realism: Objectivity and Truth in Science",
    year="2017",
    publisher="Springer International Publishing",
    address="Cham",
    pages="49--68",
    isbn="978-3-319-51608-0",
    doi="10.1007/978-3-319-51608-0_3",
    url="https://doi.org/10.1007/978-3-319-51608-0_3"
}
@InCollection{sep-scientific-underdet,
	author       =	{Stanford, Kyle},
	title        =	{{Underdetermination of Scientific Theory}},
	booktitle    =	{The {Stanford} Encyclopedia of Philosophy},
	editor       =	{Edward N. Zalta and Uri Nodelman},
	howpublished =	{\url{https://plato.stanford.edu/archives/sum2023/entries/scientific-underdetermination/}},
	year         =	{2023},
	edition      =	{{S}ummer 2023},
	publisher    =	{Metaphysics Research Lab, Stanford University}
}
@book{bas1980,
    author = {Fraassen, Bas. C. van},
    title = "{The Scientific Image}",
    publisher = {Oxford University Press},
    year = {1980},
    month = {12},
    isbn = {9780198244271},
    doi = {10.1093/0198244274.001.0001},
    url = {https://doi.org/10.1093/0198244274.001.0001},
}
@book{nancy1983,
  title={How the Laws of Physics Lie},
  author={Cartwright, N.},
  isbn={9780198247043},
  lccn={83181787},
  series={Clarendon paperbacks},
  year={1983},
  publisher={Clarendon Press}
}
@article{Oreskes1994,
   author = {N., Oreskes and Shrader-Frechette K. and K. Belitz},
   issue = {5147},
   journal = {Science},
   pages = {641-646},
   title = {Verification, Validation, and Confirmation of Numerical Models in the Earth Sciences},
   volume = {263},
   year = {1994},
}
@article{Tarantola2006,
   author = {Albert Tarantola},
   journal = {Nature Physics},
   pages = {492-494},
   title = {Popper, Bayes and the inverse problem},
   volume = {21},
   year = {2006},
}
@article{Beven2016,
   author = {Keith Beven},
   doi = {10.1080/02626667.2015.1031761},
   issn = {21503435},
   issue = {9},
   journal = {Hydrological Sciences Journal},
   keywords = {Aleatory uncertainty,Disinformation,Epistemic uncertainty,Hydrological modelling,Non-stationarity,Uncertainty estimation},
   month = {7},
   pages = {1652-1665},
   publisher = {Taylor and Francis Ltd.},
   title = {Facets of uncertainty: Epistemic uncertainty, non-stationarity, likelihood, hypothesis testing, and communication},
   volume = {61},
   year = {2016},
}
@article{Beven2005,
   author = {K Beven},
   issue = {6},
   journal = {Water Science and Technology},
   keywords = {Error compensation,model calibration,model rejection,uncertainty},
   pages = {167-175},
   title = {On the concept of model structural error},
   volume = {52},
   url = {https://iwaponline.com/wst/article-pdf/52/6/167/434056/167.pdf},
   year = {2005},
}
@article{Beven2006,
   author = {Keith Beven},
   doi = {10.1016/j.jhydrol.2005.07.007},
   issn = {00221694},
   issue = {1-2},
   journal = {Journal of Hydrology},
   keywords = {Equifinality,Fuzzy measures,GLUE,Hydrological models,Observation error,Uncertainty},
   month = {3},
   pages = {18-36},
   title = {A manifesto for the equifinality thesis},
   volume = {320},
   year = {2006},
}
@article{Ongaro2022,
   author = {Malvina Ongaro and Mattia Andreoletti},
   doi = {10.1162/posc_a_00416},
   issn = {15309274},
   issue = {2},
   journal = {Perspectives on Science},
   month = {4},
   note = {- Evidence-based policy<br/>- Scientific advice is limited to empirical uncertainty},
   pages = {305-320},
   publisher = {MIT Press Journals},
   title = {Non-Empirical Uncertainties in Evidence-Based Decision Making},
   volume = {30},
   year = {2022},
}
@article{Morlot2014,
   author = {Thomas Morlot and Christian Perret and Anne Catherine Favre and Jonathan Jalbert},
   doi = {10.1016/j.jhydrol.2014.05.007},
   issn = {00221694},
   journal = {Journal of Hydrology},
   keywords = {Dynamic assessment,Gauging,Hydrometric station,Rating curve,Uncertainty,Variogram},
   month = {9},
   pages = {173-186},
   publisher = {Elsevier},
   title = {Dynamic rating curve assessment for hydrometric stations and computation of the associated uncertainties: Quality and station management indicators},
   volume = {517},
   year = {2014},
}
